<record><leader>00000cas a22000007a 4500</leader><controlfield tag="001">9317522</controlfield><controlfield tag="008">830317d18901929mnuwr ne      0    0dan d</controlfield><datafield ind1=" " ind2=" " tag="010"><subfield code="a">sn 83025218 </subfield></datafield><datafield ind1=" " ind2=" " tag="040"><subfield code="a">NPV</subfield><subfield code="b">eng</subfield><subfield code="c">NPV</subfield><subfield code="d">NPW</subfield><subfield code="d">NPV</subfield><subfield code="d">DLC</subfield><subfield code="d">OCL</subfield><subfield code="d">MN#</subfield><subfield code="d">OCLCQ</subfield><subfield code="d">OCLCF</subfield><subfield code="d">NVF</subfield><subfield code="d">OCLCO</subfield></datafield><datafield ind1=" " ind2=" " tag="019"><subfield code="a">1757697</subfield></datafield><datafield ind1=" " ind2=" " tag="042"><subfield code="a">msc</subfield></datafield><datafield ind1=" " ind2=" " tag="043"><subfield code="a">n-us-mn</subfield><subfield code="a">n-us-il</subfield></datafield><datafield ind1=" " ind2=" " tag="045"><subfield code="a">w9x2</subfield></datafield><datafield ind1=" " ind2=" " tag="052"><subfield code="a">4144</subfield><subfield code="b">M5</subfield><subfield code="b">S4</subfield></datafield><datafield ind1="0" ind2=" " tag="130"><subfield code="a">Ugebladet (Chicago, Ill.)</subfield></datafield><datafield ind1="1" ind2="0" tag="245"><subfield code="a">Ugebladet.</subfield></datafield><datafield ind1=" " ind2=" " tag="260"><subfield code="a">Chicago ;</subfield><subfield code="a">Minneapolis ;</subfield><subfield code="a">St. Paul :</subfield><subfield code="b">C. Rasmussen,</subfield><subfield code="c">1890-1929.</subfield></datafield><datafield ind1=" " ind2=" " tag="300"><subfield code="a">39 v.</subfield></datafield><datafield ind1=" " ind2=" " tag="310"><subfield code="a">Weekly</subfield></datafield><datafield ind1="0" ind2=" " tag="362"><subfield code="a">Lo&#776;be nr. 470 (3 april 1890)-l&#248;benr. 2480 (7. marts 1929) = 10. aarg., nr. 14-48. aarg., nr. 10.</subfield></datafield><datafield ind1=" " ind2=" " tag="500"><subfield code="a">Place of publication on bannerhead varies : Chicago, Minneapolis, og St. Paul, Apr., 3, 1890; Minneapolis og St. Paul, Apr. 10, 1890-June 9,1921; Minneapolis, June 16-June 23, 1921; Minneapolis og Chicago, June 30-July 15, 1921; St. Paul og Minneapolis, July 21, 1921; Minneapolis og Chicago, July 28, 1921; Minneapolis, Minn., Aug. 4, 1921-Mar. 7, 1929.</subfield></datafield><datafield ind1=" " ind2=" " tag="530"><subfield code="a">Available on microfilm from The State Historical Society of Wisconsin.</subfield></datafield><datafield ind1=" " ind2=" " tag="530"><subfield code="a">Available on microfilm from the Minnesota Historical Society.</subfield></datafield><datafield ind1=" " ind2=" " tag="546"><subfield code="a">In Danish.</subfield></datafield><datafield ind1=" " ind2="0" tag="650"><subfield code="a">Scandinavians</subfield><subfield code="z">United States</subfield><subfield code="v">Newspapers.</subfield></datafield><datafield ind1=" " ind2="7" tag="650"><subfield code="a">Scandinavians.</subfield><subfield code="2">fast</subfield><subfield code="0">(OCoLC)fst01106459</subfield></datafield><datafield ind1=" " ind2="7" tag="651"><subfield code="a">United States.</subfield><subfield code="2">fast</subfield><subfield code="0">(OCoLC)fst01204155</subfield></datafield><datafield ind1=" " ind2="7" tag="655"><subfield code="a">Newspapers.</subfield><subfield code="2">fast</subfield><subfield code="0">(OCoLC)fst01423814</subfield></datafield><datafield ind1=" " ind2=" " tag="752"><subfield code="a">United States</subfield><subfield code="b">Minnesota</subfield><subfield code="c">Hennepin</subfield><subfield code="d">Minneapolis.</subfield></datafield><datafield ind1=" " ind2=" " tag="752"><subfield code="a">United States</subfield><subfield code="b">Minnesota</subfield><subfield code="c">Ramsey</subfield><subfield code="d">Saint Paul.</subfield></datafield><datafield ind1=" " ind2=" " tag="752"><subfield code="a">United States</subfield><subfield code="b">Illinois</subfield><subfield code="c">Cook</subfield><subfield code="d">Chicago.</subfield></datafield><datafield ind1="0" ind2="0" tag="780"><subfield code="t">Illustreret ugeblad (Chicago, Ill.)</subfield><subfield code="w">(DLC)sn 84024477</subfield><subfield code="w">(OCoLC)11091946</subfield></datafield><datafield ind1="0" ind2="0" tag="785"><subfield code="t">Danske ugeblad</subfield><subfield code="w">(DLC)sn 83025219</subfield><subfield code="w">(OCoLC)1565918</subfield></datafield></record>